<record xmlns="http://www.openarchives.org/OAI/2.0/" xmlns:xsi="http://www.w3.org/2001/XMLSchema-instance">
  <header>
    <identifier>oai:www.openaccessrepository.it:7309</identifier>
    <datestamp>2016-06-29T14:35:14Z</datestamp>
    <setSpec>dataset:aleph</setSpec>
    <setSpec>openaire</setSpec>
  </header>
  <metadata>irods://data.repo.cineca.it:1247/CINECA01/home/DRES_EUDalep/dati/ZD4001.18.AL,11100/f90a2422-cbe6-11e3-9bbe-e41f13eb41b2eng<marc:record xmlns:marc="http://www.loc.gov/MARC21/slim" xmlns:xsi="http://www.w3.org/2001/XMLSchema-instance" xsi:schemaLocation="http://www.loc.gov/MARC21/slim http://www.loc.gov/standards/marcxml/schema/MARC21slim.xsd" type="Bibliographic"><marc:leader>00000coc  2200000uu 4500</marc:leader><marc:controlfield tag="001">7309</marc:controlfield><marc:controlfield tag="005">20160629143514.0</marc:controlfield><marc:datafield tag="024" ind1="7" ind2=" "><marc:subfield code="2">Handle</marc:subfield><marc:subfield code="a">irods://data.repo.cineca.it:1247/CINECA01/home/DRES_EUDalep/dati/ZD4001.18.AL,11100/f90a2422-cbe6-11e3-9bbe-e41f13eb41b2</marc:subfield></marc:datafield><marc:datafield tag="695" ind1=" " ind2=" "><marc:subfield code="2">HEP CERN LEP ALEPH MINI RealData 2000</marc:subfield></marc:datafield><marc:datafield tag="980" ind1=" " ind2=" "><marc:subfield code="a">DATASETREALDATA</marc:subfield></marc:datafield><marc:datafield tag="999" ind1=" " ind2=" "><marc:subfield code="9">Marcello Maggi</marc:subfield><marc:subfield code="c">2327254944</marc:subfield><marc:subfield code="s">314632800</marc:subfield></marc:datafield><marc:datafield tag="999" ind1="C" ind2="5"><marc:subfield code="t">Search for neutral Higgs bosons decaying into four taus at LEP2</marc:subfield><marc:subfield code="a">10.1007/JHEP05(2010)049</marc:subfield><marc:subfield code="y">2010</marc:subfield><marc:subfield code="o">[1]</marc:subfield><marc:subfield code="r">PUBLICATIONINFN-2014-001</marc:subfield><marc:subfield code="o">[1]</marc:subfield></marc:datafield><marc:datafield tag="999" ind1="C" ind2="5"><marc:subfield code="a">10.5072/oar.it/1411041136.04 </marc:subfield><marc:subfield code="t">ALEPH SCL5 Virtual Machine for Research Environment</marc:subfield><marc:subfield code="r">SOFTWAREALEPH-2014-001</marc:subfield><marc:subfield code="o">[2]</marc:subfield></marc:datafield><marc:datafield tag="710" ind1=" " ind2=" "><marc:subfield code="g">ALEPH Collaboration</marc:subfield></marc:datafield><marc:datafield tag="856" ind1="4" ind2=" "><marc:subfield code="u">irods://data.repo.cineca.it:1247/CINECA01/home/DRES_EUDalep/dati/ZD4001.18.AL</marc:subfield><marc:subfield code="y">ALEPH</marc:subfield></marc:datafield><marc:datafield tag="909" ind1="C" ind2="O"><marc:subfield code="o">oai:www.openaccessrepository.it:7309</marc:subfield><marc:subfield code="p">openaire</marc:subfield><marc:subfield code="p">dataset:aleph</marc:subfield></marc:datafield><marc:datafield tag="245" ind1=" " ind2=" "><marc:subfield code="9">ALEPH</marc:subfield><marc:subfield code="a">LEP Data from The ALEPH Collaboration year 2000 datafile ZD4001.18.AL</marc:subfield></marc:datafield><marc:datafield tag="260" ind1=" " ind2=" "><marc:subfield code="c">2014-09-01</marc:subfield></marc:datafield><marc:datafield tag="520" ind1=" " ind2=" "><marc:subfield code="9">ALEPH</marc:subfield><marc:subfield code="a">Run contents for this data file &lt;table border="1"&gt; &lt;tr&gt; &lt;th&gt;Run #&lt;/th&gt;&lt;th&gt;Nevents&lt;/th&gt;&lt;th&gt;Length (Mb)&lt;/th&gt;&lt;th&gt;LEP energy&lt;/th&gt;&lt;th&gt;Nb of Z0s&lt;/th&gt;&lt;/tr&gt; &lt;tr&gt; &lt;td&gt;56167&lt;/td&gt;&lt;td&gt;21888&lt;/td&gt;&lt;td&gt;53.989&lt;/td&gt;&lt;td&gt;206.382&lt;/td&gt;&lt;td&gt;30&lt;/td&gt;&lt;/tr&gt; &lt;tr&gt; &lt;td&gt;56168&lt;/td&gt;&lt;td&gt;6767&lt;/td&gt;&lt;td&gt;16.295&lt;/td&gt;&lt;td&gt;206.372&lt;/td&gt;&lt;td&gt;8&lt;/td&gt;&lt;/tr&gt; &lt;tr&gt; &lt;td&gt;56169&lt;/td&gt;&lt;td&gt;376&lt;/td&gt;&lt;td&gt;0.707&lt;/td&gt;&lt;td&gt;208.064&lt;/td&gt;&lt;td&gt;-1&lt;/td&gt;&lt;/tr&gt; &lt;tr&gt; &lt;td&gt;56173&lt;/td&gt;&lt;td&gt;3220&lt;/td&gt;&lt;td&gt;8.241&lt;/td&gt;&lt;td&gt;206.374&lt;/td&gt;&lt;td&gt;2&lt;/td&gt;&lt;/tr&gt; &lt;tr&gt; &lt;td&gt;56176&lt;/td&gt;&lt;td&gt;6846&lt;/td&gt;&lt;td&gt;17.561&lt;/td&gt;&lt;td&gt;206.380&lt;/td&gt;&lt;td&gt;10&lt;/td&gt;&lt;/tr&gt; &lt;tr&gt; &lt;td&gt;56178&lt;/td&gt;&lt;td&gt;7738&lt;/td&gt;&lt;td&gt;20.089&lt;/td&gt;&lt;td&gt;205.201&lt;/td&gt;&lt;td&gt;7&lt;/td&gt;&lt;/tr&gt; &lt;tr&gt; &lt;td&gt;56179&lt;/td&gt;&lt;td&gt;10208&lt;/td&gt;&lt;td&gt;25.532&lt;/td&gt;&lt;td&gt;206.369&lt;/td&gt;&lt;td&gt;13&lt;/td&gt;&lt;/tr&gt; &lt;tr&gt; &lt;td&gt;56181&lt;/td&gt;&lt;td&gt;4100&lt;/td&gt;&lt;td&gt;10.256&lt;/td&gt;&lt;td&gt;205.182&lt;/td&gt;&lt;td&gt;3&lt;/td&gt;&lt;/tr&gt; &lt;tr&gt; &lt;td&gt;56182&lt;/td&gt;&lt;td&gt;2776&lt;/td&gt;&lt;td&gt;6.152&lt;/td&gt;&lt;td&gt;206.314&lt;/td&gt;&lt;td&gt;-1&lt;/td&gt;&lt;/tr&gt; &lt;tr&gt; &lt;td&gt;56184&lt;/td&gt;&lt;td&gt;2249&lt;/td&gt;&lt;td&gt;5.586&lt;/td&gt;&lt;td&gt;206.366&lt;/td&gt;&lt;td&gt;2&lt;/td&gt;&lt;/tr&gt; &lt;tr&gt; &lt;td&gt;56186&lt;/td&gt;&lt;td&gt;5024&lt;/td&gt;&lt;td&gt;13.096&lt;/td&gt;&lt;td&gt;205.177&lt;/td&gt;&lt;td&gt;5&lt;/td&gt;&lt;/tr&gt; &lt;tr&gt; &lt;td&gt;56187&lt;/td&gt;&lt;td&gt;8261&lt;/td&gt;&lt;td&gt;22.337&lt;/td&gt;&lt;td&gt;206.369&lt;/td&gt;&lt;td&gt;12&lt;/td&gt;&lt;/tr&gt; &lt;tr&gt; &lt;td&gt;56188&lt;/td&gt;&lt;td&gt;7798&lt;/td&gt;&lt;td&gt;20.968&lt;/td&gt;&lt;td&gt;206.550&lt;/td&gt;&lt;td&gt;11&lt;/td&gt;&lt;/tr&gt; &lt;tr&gt; &lt;td&gt;56190&lt;/td&gt;&lt;td&gt;7770&lt;/td&gt;&lt;td&gt;20.551&lt;/td&gt;&lt;td&gt;206.385&lt;/td&gt;&lt;td&gt;13&lt;/td&gt;&lt;/tr&gt; &lt;tr&gt; &lt;td&gt;56191&lt;/td&gt;&lt;td&gt;9915&lt;/td&gt;&lt;td&gt;26.131&lt;/td&gt;&lt;td&gt;206.574&lt;/td&gt;&lt;td&gt;14&lt;/td&gt;&lt;/tr&gt; &lt;tr&gt; &lt;td&gt;56192&lt;/td&gt;&lt;td&gt;2307&lt;/td&gt;&lt;td&gt;5.658&lt;/td&gt;&lt;td&gt;206.825&lt;/td&gt;&lt;td&gt;2&lt;/td&gt;&lt;/tr&gt; &lt;tr&gt; &lt;td&gt;56194&lt;/td&gt;&lt;td&gt;7175&lt;/td&gt;&lt;td&gt;19.481&lt;/td&gt;&lt;td&gt;206.375&lt;/td&gt;&lt;td&gt;12&lt;/td&gt;&lt;/tr&gt; &lt;tr&gt; &lt;td&gt;56195&lt;/td&gt;&lt;td&gt;3090&lt;/td&gt;&lt;td&gt;8.754&lt;/td&gt;&lt;td&gt;206.609&lt;/td&gt;&lt;td&gt;10&lt;/td&gt;&lt;/tr&gt; &lt;tr&gt; &lt;td&gt;56197&lt;/td&gt;&lt;td&gt;4371&lt;/td&gt;&lt;td&gt;11.578&lt;/td&gt;&lt;td&gt;206.397&lt;/td&gt;&lt;td&gt;4&lt;/td&gt;&lt;/tr&gt; &lt;tr&gt;&lt;/table&gt; Total file length :   305.594 Mbytes</marc:subfield></marc:datafield><marc:datafield tag="500" ind1=" " ind2=" "><marc:subfield code="f">ALEPH - INFN</marc:subfield></marc:datafield><marc:datafield tag="650" ind1="1" ind2="7"><marc:subfield code="a">High Energy Physics</marc:subfield></marc:datafield><marc:datafield tag="269" ind1=" " ind2=" "><marc:subfield code="c">2000</marc:subfield></marc:datafield><marc:datafield tag="041" ind1=" " ind2=" "><marc:subfield code="a">eng</marc:subfield></marc:datafield><marc:datafield tag="042" ind1=" " ind2=" "><marc:subfield code="a">Researchers</marc:subfield></marc:datafield><marc:datafield tag="043" ind1=" " ind2=" "><marc:subfield code="a">info:eu-repo/semantics/other</marc:subfield></marc:datafield><marc:datafield tag="100" ind1=" " ind2=" "><marc:subfield code="a">Marcello Maggi</marc:subfield></marc:datafield></marc:record>
</metadata>
</record>
